@article{Dutrieux2014Science,
  title={Strong sensitivity of Pine Island ice-shelf melting to climatic variability},
  author={Dutrieux, P and De Rydt, J and Jenkins, A and Holland, P R and Ha, H K and Lee, S H and Steig, E J and Ding, Q and Abrahamsen, E P and Schr{\"o}der, M},
  journal={Science},
  volume={343},
  number={6167},
  pages={174--178},
  year={2014}
}

@article{Pacanowski1981JPhysOcean,
  title={Parameterization of vertical mixing in numerical models of tropical oceans},
  author={Pacanowski, RC and Philander, SGH},
  journal={Journal of Physical Oceanography},
  volume={11},
  number={11},
  pages={1443--1451},
  year={1981}
}

@article{Dansereau2014JGROceans,
  title={Simulation of subice shelf melt rates in a general circulation model: Velocity-dependent transfer and the role of friction},
  author={Dansereau, V and Heimbach, P and Losch, M},
  journal={Journal of Geophysical Research: Oceans},
  volume={119},
  number={3},
  pages={1765--1790},
  year={2014},
}

@article{Grosfeld1997JGROceans,
  title={Thermohaline circulation and interaction between ice shelf cavities and the adjacent open ocean},
  author={Grosfeld, K and Gerdes, R and Determann, J},
  journal={J. Geophys. Res. Oceans},
  volume={102},
  number={C7},
  pages={15595--15610},
  year={1997},
}

@article{Jenkins2018NatureGeo,
  title={West Antarctic Ice Sheet retreat in the Amundsen Sea driven by decadal oceanic variability},
  author={Jenkins, A and Shoosmith, D and Dutrieux, P and Jacobs, S and Kim, T W and Lee, S H and Ha, H K and Stammerjohn, S},
  journal={Nat. Geosci.},
  volume={11},
  number={10},
  pages={733--738},
  year={2018},
}

@article{Jacobs1996GRL,
  title={Antarctic ice sheet melting in the Southeast Pacific},
  author={Jacobs, S S and Hellmer, H H and Jenkins, A},
  journal={Geophys. Res. Lett.},
  volume={23},
  number={9},
  pages={957--960},
  year={1996},
}

@article{Mcdougall2003JAtmosOceanTech,
  title={Accurate and computationally efficient algorithms for potential temperature and density of seawater},
  author={McDougall, T J and Jackett, D R and Wright, D G and Feistel, R},
  journal={J. Atmos. Ocean. Technol.},
  volume={20},
  number={5},
  pages={730--741},
  year={2003}
}
@article{Losch2008JGeophysResOceans,
  title={Modeling ice shelf cavities in  z coordinate ocean general circulation model},
  author={Losch, M},
  journal={J. Geophys. Res. Oceans},
  volume={113},
  number={C8},
  year={2008}
  }
  
  @article{Holland1999JPhysOcean,
  title={Modeling thermodynamic ice--ocean interactions at the base of an ice shelf},
  author={Holland, David M and Jenkins, Adrian},
  journal={J. Phys. Oceanogr.},
  volume={29},
  number={8},
  pages={1787--1800},
  year={1999}
}

@article{DeRydt2014JGeophysResOceans,
  title={Geometric and oceanographic controls on melting beneath Pine Island Glacier},
  author={De Rydt, Jan and Holland, Paul R and Dutrieux, Pierre and Jenkins, Adrian},
  journal={J. Geophys. Res. Oceans},
  volume={119},
  number={4},
  pages={2420--2438},
  year={2014},
  publisher={Wiley Online Library}
}

@article{Mouginot2014GRL,
  title={Sustained increase in ice discharge from the Amundsen Sea Embayment, West Antarctica, from 1973 to 2013},
  author={Mouginot, J and Rignot, E and Scheuchl, B},
  journal={Geophys. Res. Lett.},
  volume={41},
  number={5},
  pages={1576--1584},
  year={2014}
  }
  
  @article{Rignot2014GRL,
  title={Widespread, rapid grounding line retreat of Pine Island, Thwaites, Smith, and Kohler glaciers, West Antarctica, from 1992 to 2011},
  author={Rignot, E and Mouginot, J and Morlighem, M and Seroussi, H and Scheuchl, B},
  journal={Geophys. Res. Lett.},
  volume={41},
  number={10},
  pages={3502--3509},
  year={2014},
}

@article{Athern2017GRL,
  title={The sensitivity of West Antarctica to the submarine melting feedback},
  author={Arthern, R J and Williams, C R},
  journal={Geophys. Res. Lett.},
  volume={44},
  number={5},
  pages={2352--2359},
  year={2017},
}

@article{Seroussi2014Cryo,
  title={Hydrostatic grounding line parameterization in ice sheet models},
  author={Seroussi, H and Morlighem, M and Larour, E and Rignot, Eric and Khazendar, Ala},
  journal={The Cryosphere},
  volume={8},
  number={6},
  pages={2075--2087},
  year={2014},
}

@article{Heimbach2012AnnGlac,
  title={Adjoint sensitivities of sub-ice-shelf melt rates to ocean circulation under the Pine Island Ice Shelf, West Antarctica},
  author={Heimbach, P and Losch, M},
  journal={Ann. Glaciol.},
  volume={53},
  number={60},
  pages={59--69},
  year={2012},
}

@article{Jenkins2010NatureGeo,
  title={Observations beneath Pine Island Glacier in West Antarctica and implications for its retreat},
  author={Jenkins, A and Dutrieux, P and Jacobs, S S and McPhail, S D and Perrett, J R and Webb, A T and White, D},
  journal={Nat. Geosci.},
  volume={3},
  number={7},
  pages={468--472},
  year={2010},
}

@article{rignot2013Science,
  title={Ice-shelf melting around Antarctica},
  author={Rignot, E and Jacobs, S and Mouginot, Jeremie and Scheuchl, B},
  journal={Science},
  volume={341},
  number={6143},
  pages={266--270},
  year={2013}
}

@article{Joughin2021ScienceAdv,
  title={Ice-shelf retreat drives recent Pine Island Glacier speedup},
  author={Joughin, I and Shapero, D and Smith, B and Dutrieux, P and Barham, M},
  journal={Sci. Adv.},
  volume={7},
  number={24},
  pages={eabg3080},
  year={2021},
}

@article{Lhermitte2020PNAS,
  title={Damage accelerates ice shelf instability and mass loss in Amundsen Sea Embayment},
  author={Lhermitte, S and Sun, S and Shuman, C and Wouters, B and Pattyn, F and Wuite, J and Berthier, E and Nagler, T},
  journal={Proc. Nat. Acad. Sci.},
  volume={117},
  number={40},
  pages={24735--24741},
  year={2020},
}

@article{deconto2016Nature,
  title={Contribution of Antarctica to past and future sea-level rise},
  author={DeConto, R M and Pollard, D},
  journal={Nature},
  volume={531},
  number={7596},
  pages={591--597},
  year={2016}
}

@article{Crawford2021NatureComms,
  title={Marine ice-cliff instability modeling shows mixed-mode ice-cliff failure and yields calving rate parameterization},
  author={Crawford, A J and Benn, D I and Todd, J and {\AA}str{\"o}m, J A and Bassis, J N and Zwinger, T},
  journal={Nature Communications},
  volume={12},
  number={1},
  pages={1--9},
  year={2021}
}

@article{Gudmundsson2013Cryo,
  title={Ice-shelf buttressing and the stability of marine ice sheets},
  author={Gudmundsson, G. H.},
  journal={The Cryosphere},
  volume={7},
  number={2},
  pages={647--655},
  year={2013}
}

@article{Heywood2016Oceanography,
  title={Between the devil and the deep blue sea: The role of the Amundsen Sea continental shelf in exchanges between ocean and ice shelves},
  author={Heywood, K J and Biddle, L C and Boehme, L and Dutrieux, P and Fedak, M and Jenkins, A and Jones, R W and Kaiser, J and Mallett, H and Garabato, A C N and Renfrew, I A and Stevens, D P, and Webber B G M},
  journal={Oceanography},
  volume={29},
  number={4},
  pages={118--129},
  year={2016}
}

@article{DeRydt2016JGeophysResEarthSurf,
author = {De Rydt, J. and Gudmundsson, G. H.},
title = {Coupled ice shelf-ocean modeling and complex grounding line retreat from a seabed ridge},
journal = {J. Geophys. Res. Earth Surf.},
volume = {121},
number = {5},
pages = {865-880},
year = {2016}
}

@article{Paolo2015Science,
  title={Volume loss from Antarctic ice shelves is accelerating},
  author={Paolo, F S and Fricker, H A and Padman, L},
  journal={Science},
  volume={348},
  number={6232},
  pages={327--331},
  year={2015}
  }

@article{Goldberg2019GRL,
  title={How accurately should we model ice shelf melt rates?},
  author={Goldberg, D. N. and Gourmelen, N. and Kimura, S. and Millan, R. and Snow, K.},
  journal={Geophys. Res. Lett.},
  volume={46},
  number={1},
  pages={189--199},
  year={2019}
}

@article{Gagliardini2010GRL,
  title={Coupling of ice-shelf melting and buttressing is a key process in ice-sheets dynamics},
  author={Gagliardini, O. and Durand, G. and Zwinger, T. and Hindmarsh, R. C. A.  and Le Meur, E.},
  journal={Geophys. Res. Lett.},
volume = {37},
number = {14},
pages = {},
  year={2010}
}

@article{Pritchard2012Nature,
  title={Antarctic ice-sheet loss driven by basal melting of ice shelves},
  author={Pritchard, H. D. and Ligtenberg, S. R. M. and Fricker, H. A. and Vaughan, D. G. and van den Broeke, M. R. and Padman, L.},
  journal={Nature},
  volume={484},
  number={7395},
  pages={502--505},
  year={2012}
}

@article{Gudmundsson2019GRL,
  title={Instantaneous Antarctic ice sheet mass loss driven by thinning ice shelves},
  author={Gudmundsson, G H and Paolo, F S and Adusumilli, S and Fricker, H A},
  journal={Geophys. Res. Lett.},
  volume={46},
  number={23},
  pages={13903--13909},
  year={2019},
}

@article{Korona2009Photogrammetry,
  title={SPIRIT. SPOT 5 stereoscopic survey of polar ice: reference images and topographies during the fourth International Polar Year (2007--2009)},
  author={Korona, J and Berthier, E and Bernard, M and R{\'e}my, F and Thouvenot, E},
  journal={ ISPRS J. Photogramm. Remote Sens.},
  volume={64},
  number={2},
  pages={204--212},
  year={2009}
}

@article{Joughin2010GRL,
  title={Sensitivity of 21st century sea level to ocean-induced thinning of Pine Island Glacier, Antarctica},
  author={Joughin, Ian and Smith, Benjamin E and Holland, David M},
  journal={Geophys. Res. Lett.},
  volume={37},
  number={20},
  year={2010}
}